<collection xmlns="http://www.loc.gov/MARC21/slim"><record><leader>00808nam  2200217   450</leader><controlfield tag="001">411</controlfield><controlfield tag="003">http://montalegre.opacnet.com/OPAC/default.aspx?ContentAreaControl=ShowRegHoldings.ascx&amp;RegNo=16662</controlfield><datafield tag="095" ind1=" " ind2=" "><subfield code="a">PTBN00211526</subfield></datafield><datafield tag="100" ind1=" " ind2=" "><subfield code="a">19601101d1961    m  y0pora0103    ba</subfield></datafield><datafield tag="101" ind1="1" ind2=" "><subfield code="a">por</subfield><subfield code="c">eng</subfield></datafield><datafield tag="102" ind1=" " ind2=" "><subfield code="a">PT</subfield></datafield><datafield tag="200" ind1="1" ind2=" "><subfield code="a">&lt;O &gt;Deus das moscas</subfield><subfield code="f">William Golding</subfield><subfield code="g">trad. e pref. Luís de Sousa Rebelo</subfield></datafield><datafield tag="210" ind1=" " ind2=" "><subfield code="a">Lisboa</subfield><subfield code="c">Portugália</subfield><subfield code="d">1961</subfield></datafield><datafield tag="215" ind1=" " ind2=" "><subfield code="a">275, [2] p., [1] f.</subfield><subfield code="d">18 cm</subfield></datafield><datafield tag="225" ind1="2" ind2=" "><subfield code="a">Contemporânea</subfield><subfield code="v">23</subfield></datafield><datafield tag="304" ind1=" " ind2=" "><subfield code="a">Tít. orig.: Lord of the flies</subfield></datafield><datafield tag="325" ind1=" " ind2=" "><subfield code="a">Texto em braille. - Lisboa : BN, 1979. - 3 vol., estenografado ; 35 cm????</subfield></datafield><datafield tag="675" ind1=" " ind2=" "><subfield code="a">821.111-31"19"</subfield><subfield code="v">BN</subfield><subfield code="z">por</subfield><subfield code="z">por</subfield></datafield><datafield tag="700" ind1=" " ind2="1"><subfield code="a">Golding</subfield><subfield code="b">William</subfield><subfield code="f">1911-1993</subfield><subfield code="3">34112</subfield></datafield><datafield tag="702" ind1=" " ind2="1"><subfield code="a">Rebelo</subfield><subfield code="b">Luís de Sousa</subfield><subfield code="f">1922-</subfield><subfield code="4">730</subfield><subfield code="4">080</subfield><subfield code="3">41241</subfield></datafield><datafield tag="801" ind1=" " ind2="0"><subfield code="a">PT</subfield><subfield code="b">Biblioteca Municipal de Montalegre</subfield><subfield code="g">RPC</subfield></datafield><datafield tag="909" ind1="&#9;" ind2=" "><subfield code="a">1</subfield></datafield><datafield tag="966" ind1=" " ind2=" "><subfield code="a">0008131</subfield><subfield code="l">BMM</subfield><subfield code="s">SCG 821 GOL deu 23</subfield></datafield></record></collection>